@article{liu-89,
	title = {On the {L}imited {M}emory {BFGS} {M}ethod for {L}arge {S}cale {O}ptimization},
	volume = {45},
	number = {3},
	journal = {Math. Program.},
	author = {Liu, Dong C. and Nocedal, Jorge},
	month = dec,
	year = {1989},
	pages = {503--528}
}

@article{daume-2009,
  title={Frustratingly easy domain adaptation},
  author={Daum{\'e} III, Hal},
  journal={arXiv preprint arXiv:0907.1815},
  year={2009}
}


@article{zeiler-12,
	title = {{ADADELTA}: {A}n {A}daptive {L}earning {R}ate {M}ethod},
	volume = {abs/1212.5701},
	url = {http://dblp.uni-trier.de/rec/bibtex/journals/corr/abs-1212-5701},
	journal = {{CoRR}},
	author = {Zeiler, Matthew},
	year = {2012}
}

@article{das-14,
	title = {Frame-semantic parsing},
	volume = {40},
	number = {1},
	journal = {Computational Linguistics},
	author = {Das, Dipanjan and Chen, Desai and Martins, Andr\'{e} F. T. and Schneider, Nathan and Smith, Noah A.},
	month = mar,
	year = {2014},
	pages = {9--56}
}


@article{tackstrom-15,
	title = {Efficient inference and structured learning for semantic role labeling},
	volume = {3},
	number = {0},
	journal = {Transactions of the Association for Computational Linguistics},
	author = {T\"{a}ckstr\"{o}m, Oscar and Ganchev, Kuzman and Das, Dipanjan},
	month = jan,
	year = {2015},
	pages = {29--41}
},

@inproceedings{hermann-14,
	address = {Baltimore, Maryland, {USA}},
	title = {Semantic frame identification with distributed word representations},
	booktitle = {Proc. of {ACL}},
	author = {Hermann, Karl Moritz and Das, Dipanjan and Weston, Jason and Ganchev, Kuzman},
	month = jun,
	year = {2014},
	pages = {1448--1458}
}


@article{palmer-05,
	title = {The {P}roposition {B}ank: an annotated corpus of semantic roles},
	volume = {31},
	number = {1},
	journal = {Computational Linguistics},
	author = {Palmer, Martha and Gildea, Daniel and Kingsbury, Paul},
	month = mar,
	year = {2005},
	pages = {71--106}
},

@inproceedings{propbank,
	address = {Las Palmas, Canary Islands},
	title = {From {TreeBank} to {PropBank}},
	booktitle = {Proc. of {LREC}},
	author = {Kingsbury, Paul and Palmer, Martha},
	month = may,
	year = {2002},
	pages = {1989--1993}
},

@book{palmer-10,
	address = {San Rafael, {CA}},
	series = {Synthesis Lectures on Human Language Technologies},
	title = {Semantic {R}ole {L}abeling},
	number = {6},
	publisher = {Morgan \& Claypool},
	author = {Palmer, Martha and Gildea, Daniel and Xue, Nianwen},
	editor = {Hirst, Graeme},
	month = jan,
	year = {2010}
}

@inproceedings{baker-98,
	address = {Montreal, Quebec, Canada},
	title = {The {B}erkeley {FrameNet} project},
	booktitle = {Proc. of {COLING-ACL}},
	author = {Baker, Collin F. and Fillmore, Charles J. and Lowe, John B.},
	month = aug,
	year = {1998},
	pages = {86--90}
}


@inproceedings{cohen-05,
	address = {Edinburgh, Scotland, {UK}},
	title = {Stacked sequential learning},
	booktitle = {Proc. of {IJCAI}},
	author = {Cohen, William W. and Carvalho, Vitor R.},
	year = {2005},
	pages = {671--676}
}


@inproceedings{kong-14,
	address = {Doha, Qatar},
	title = {A dependency parser for tweets},
	booktitle = {Proc. of {EMNLP}},
	author = {Kong, Lingpeng and Schneider, Nathan and Swayamdipta, Swabha and Bhatia, Archna and Dyer, Chris and Smith, Noah A.},
	month = oct,
	year = {2014},
	pages = {1001--1012}
}


@inproceedings{johansson-13,
	address = {Atlanta, Georgia, {USA}},
	title = {Training parsers on incompatible treebanks},
	booktitle = {Proc. of {NAACL-HLT}},
	author = {Johansson, Richard},
	month = jun,
	year = {2013},
	pages = {127--137}
}


@inproceedings{nivre-08,
	address = {Columbus, Ohio, {USA}},
	title = {Integrating graph-based and transition-based dependency parsers},
	booktitle = {Proc. of {ACL-HLT}},
	author = {Nivre, Joakim and {McDonald}, Ryan},
	month = jun,
	year = {2008},
	pages = {950--958}
}


@inproceedings{martins-08,
	address = {Honolulu, Hawaii},
	title = {Stacking dependency parsers},
	booktitle = {Proc. of {EMNLP}},
	author = {Martins, Andr\'{e} F. T. and Das, Dipanjan and Smith, Noah A. and Xing, Eric P.},
	month = oct,
	year = {2008},
	pages = {157--166}
}


@article{gildea-02,
	title = {Automatic labeling of semantic roles},
	volume = {28},
	number = {3},
	journal = {Computational Linguistics},
	author = {Gildea, Daniel and Jurafsky, Daniel},
	year = {2002},
	pages = {245--288}
}


@inproceedings{matsubayashi-09,
	address = {Suntec, Singapore},
	title = {A comparative study on generalization of semantic roles in {FrameNet}},
	booktitle = {Proc. of {ACL-IJCNLP}},
	author = {Matsubayashi, Yuichiroh and Okazaki, Naoaki and Tsujii, Jun'ichi},
	month = aug,
	year = {2009},
	pages = {19--27}
},

@incollection{shi-05,
	address = {Berlin},
	series = {Lecture Notes in Computer Science},
	title = {Putting pieces together: combining {FrameNet}, {VerbNet} and {WordNet} for robust semantic parsing},
	volume = {3406},
	booktitle = {Computational Linguistics and Intelligent Text Processing: Proceedings of the 6th International Conference ({CICLing} 2005)},
	publisher = {{Springer-Verlag}},
	author = {Shi, Lei and Mihalcea, Rada},
	editor = {Gelbukh, Alexander},
	year = {2005},
	pages = {100--111}
}
